@Book{Martelli:python,
     author =    "Alex Martelli",
     title =     "Python: gu\'ia de referencia",
     publisher = "Anaya",
     year =      "2003",
     address =   "Madrid, Espa\~na" 
}

@Book{Samarski:metnum,
     author =    "A. A. Samarski",
     title =     "Introducci\'on a los m\'etodos num\'ericos",
     publisher = "MIR Editorial",
     year =      "1986",
     address =   "Mosc\'u, Rusia" 
}

@Book{Chapra:metnum,
     author =    "Steven C. Chapra",
     title =     "M\'etodos num\'ericos para ingenieros",
     publisher = "McGraw Hill - Interamericana de M\'exico",
     year =      "2007",
     address =   "M\'exico" 
}

@MISC{URL:nwt,
   author    = "Evoluci\'on hist\'orica del m\'etodo de Newton y calculadora virtual de ra\'ices",
   note      = {http://www.uam.es/personal\_pdi/ciencias/barcelo/cnumerico/recursos/newton.html}
}

